<?xml version="1.0" encoding="UTF-8"?><collection xmlns="http://www.loc.gov/MARC21/slim"><record><leader>00573nam--2200193-u-4500</leader><controlfield tag="001">000056762</controlfield><controlfield tag="002">20190620</controlfield><controlfield tag="005">20190620043953</controlfield><controlfield tag="008">190620s1000------------r-----000-0-eng-d</controlfield><datafield ind1=" " ind2=" " tag="040"><subfield code="a">IFIN.HH</subfield></datafield><datafield ind1=" " ind2=" " tag="041"><subfield code="a">eng</subfield></datafield><datafield ind1="1" ind2=" " tag="100"><subfield code="a">Cardona, M</subfield></datafield><datafield ind1="1" ind2="0" tag="245"><subfield code="a">Light Scattering in Solids IV, Electronic Scattering, Spin Effects, SERS, and Morphic Effects</subfield><subfield code="c">M. Cardona, G. Guntherodt (eds.)</subfield></datafield><datafield ind1=" " ind2=" " tag="260"><subfield code="a">Berlin</subfield><subfield code="b">Springer-Verlag</subfield><subfield code="c">1984</subfield></datafield><datafield ind1=" " ind2=" " tag="300"><subfield code="a">V-XII+542 p</subfield></datafield><datafield ind1=" " ind2=" " tag="500"><subfield code="a">Donatie Gheorghe Dinescu</subfield></datafield><datafield ind1="1" ind2=" " tag="700"><subfield code="a">Guntherodt, G</subfield></datafield><datafield ind1=" " ind2=" " tag="852"><subfield code="a">82709</subfield><subfield code="c">53</subfield></datafield><datafield ind1=" " ind2=" " tag="CAT"><subfield code="a">SYS</subfield><subfield code="c">20190620</subfield><subfield code="h">043953</subfield></datafield></record></collection>